<?xml version="1.0" encoding="UTF-8"?><collection xmlns="http://www.loc.gov/MARC21/slim"><record><leader>00538nam--2200193-i-4500</leader><controlfield tag="001">000019953</controlfield><controlfield tag="002">20161230</controlfield><controlfield tag="005">20170202084302</controlfield><controlfield tag="008">060222s1000------------r-----000-0-eng-d</controlfield><datafield ind1=" " ind2=" " tag="020"><subfield code="a">354010223X</subfield></datafield><datafield ind1=" " ind2=" " tag="040"><subfield code="a">IFIN-HH</subfield></datafield><datafield ind1=" " ind2=" " tag="080"><subfield code="a">530.1</subfield></datafield><datafield ind1="1" ind2=" " tag="100"><subfield code="a">Eilenberger, G</subfield></datafield><datafield ind1="1" ind2="0" tag="245"><subfield code="a">Solitons</subfield><subfield code="b">Mathematical Methods for Physicists</subfield><subfield code="c">G. Eilenberger</subfield></datafield><datafield ind1=" " ind2=" " tag="260"><subfield code="a">Berlin</subfield><subfield code="b">Springer-Verlag</subfield><subfield code="c">1981</subfield></datafield><datafield ind1=" " ind2=" " tag="300"><subfield code="a">VIII + 192 P</subfield></datafield><datafield ind1=" " ind2=" " tag="490"><subfield code="a">Springer Series in Solid-State Sciences</subfield><subfield code="v">Vol. 19</subfield></datafield><datafield ind1=" " ind2=" " tag="852"><subfield code="a">46526</subfield><subfield code="c">539.2</subfield></datafield><datafield ind1=" " ind2=" " tag="CAT"><subfield code="a">SYS</subfield><subfield code="c">20170202</subfield><subfield code="h">084302</subfield></datafield></record></collection>